@article{center2010national,
  title={National Oceanic and Atmospheric Administration},
  author={Center, Storm Prediction},
  journal={National Weather Service (NOAA/NWS), cited},
  pages={1950--2010},
  year={2010}
}

@article{hall2009weka,
  title={The WEKA data mining software: an update},
  author={Hall, Mark and Frank, Eibe and Holmes, Geoffrey and Pfahringer, Bernhard and Reutemann, Peter and Witten, Ian H},
  journal={ACM SIGKDD explorations newsletter},
  volume={11},
  number={1},
  pages={10--18},
  year={2009},
  publisher={ACM}
}

@book{han2006data,
  title={Data mining, southeast asia edition: Concepts and techniques},
  author={Han, Jiawei and Kamber, Micheline and Pei, Jian},
  year={2006},
  publisher={Morgan kaufmann}
}

@article{ellis2001z,
  title={Z Score Prediction Model for Assessment of Bone Mineral Content in Pediatric Diseases*},
  author={Ellis, Kenneth J and Shypailo, Roman J and Hardin, Dana S and Perez, Maria D and Motil, Kathleen J and Wong, William W and Abrams, Steven A},
  journal={Journal of Bone and Mineral Research},
  volume={16},
  number={9},
  pages={1658--1664},
  year={2001},
  publisher={Wiley Online Library}
}
